%YAML 1.1
%TAG !u! tag:unity3d.com,2011:
--- !u!1 &112756
GameObject:
  m_ObjectHideFlags: 1
  m_PrefabParentObject: {fileID: 0}
  m_PrefabInternal: {fileID: 100100000}
  serializedVersion: 4
  m_Component:
  - 4: {fileID: 467370}
  m_Layer: 0
  m_Name: Cap
  m_TagString: Untagged
  m_Icon: {fileID: 0}
  m_NavMeshLayer: 0
  m_StaticEditorFlags: 0
  m_IsActive: 1
--- !u!1 &152522
GameObject:
  m_ObjectHideFlags: 1
  m_PrefabParentObject: {fileID: 0}
  m_PrefabInternal: {fileID: 100100000}
  serializedVersion: 4
  m_Component:
  - 4: {fileID: 499802}
  - 33: {fileID: 3314864}
  - 23: {fileID: 2317906}
  m_Layer: 0
  m_Name: pCylinder1
  m_TagString: Untagged
  m_Icon: {fileID: 0}
  m_NavMeshLayer: 0
  m_StaticEditorFlags: 0
  m_IsActive: 1
--- !u!1 &156896
GameObject:
  m_ObjectHideFlags: 1
  m_PrefabParentObject: {fileID: 0}
  m_PrefabInternal: {fileID: 100100000}
  serializedVersion: 4
  m_Component:
  - 4: {fileID: 428000}
  - 108: {fileID: 10851306}
  - 114: {fileID: 11492068}
  m_Layer: 0
  m_Name: Flashlight
  m_TagString: Flashlight
  m_Icon: {fileID: 0}
  m_NavMeshLayer: 0
  m_StaticEditorFlags: 0
  m_IsActive: 1
--- !u!1 &191848
GameObject:
  m_ObjectHideFlags: 1
  m_PrefabParentObject: {fileID: 0}
  m_PrefabInternal: {fileID: 100100000}
  serializedVersion: 4
  m_Component:
  - 4: {fileID: 491848}
  m_Layer: 0
  m_Name: L_Pinky_01
  m_TagString: Untagged
  m_Icon: {fileID: 0}
  m_NavMeshLayer: 0
  m_StaticEditorFlags: 0
  m_IsActive: 1
--- !u!1 &191850
GameObject:
  m_ObjectHideFlags: 1
  m_PrefabParentObject: {fileID: 0}
  m_PrefabInternal: {fileID: 100100000}
  serializedVersion: 4
  m_Component:
  - 4: {fileID: 491850}
  m_Layer: 0
  m_Name: L_Indexfinger_01
  m_TagString: Untagged
  m_Icon: {fileID: 0}
  m_NavMeshLayer: 0
  m_StaticEditorFlags: 0
  m_IsActive: 1
--- !u!1 &191852
GameObject:
  m_ObjectHideFlags: 1
  m_PrefabParentObject: {fileID: 0}
  m_PrefabInternal: {fileID: 100100000}
  serializedVersion: 4
  m_Component:
  - 4: {fileID: 491852}
  m_Layer: 0
  m_Name: R_Indexfinger_01
  m_TagString: Untagged
  m_Icon: {fileID: 0}
  m_NavMeshLayer: 0
  m_StaticEditorFlags: 0
  m_IsActive: 1
--- !u!1 &191854
GameObject:
  m_ObjectHideFlags: 1
  m_PrefabParentObject: {fileID: 0}
  m_PrefabInternal: {fileID: 100100000}
  serializedVersion: 4
  m_Component:
  - 4: {fileID: 491854}
  m_Layer: 0
  m_Name: L_Thumb_01
  m_TagString: Untagged
  m_Icon: {fileID: 0}
  m_NavMeshLayer: 0
  m_StaticEditorFlags: 0
  m_IsActive: 1
--- !u!1 &191856
GameObject:
  m_ObjectHideFlags: 1
  m_PrefabParentObject: {fileID: 0}
  m_PrefabInternal: {fileID: 100100000}
  serializedVersion: 4
  m_Component:
  - 4: {fileID: 491856}
  m_Layer: 0
  m_Name: L_Middlefinger_02
  m_TagString: Untagged
  m_Icon: {fileID: 0}
  m_NavMeshLayer: 0
  m_StaticEditorFlags: 0
  m_IsActive: 1
--- !u!1 &191858
GameObject:
  m_ObjectHideFlags: 1
  m_PrefabParentObject: {fileID: 0}
  m_PrefabInternal: {fileID: 100100000}
  serializedVersion: 4
  m_Component:
  - 4: {fileID: 491858}
  m_Layer: 0
  m_Name: R_Ringfinder_02
  m_TagString: Untagged
  m_Icon: {fileID: 0}
  m_NavMeshLayer: 0
  m_StaticEditorFlags: 0
  m_IsActive: 1
--- !u!1 &191860
GameObject:
  m_ObjectHideFlags: 1
  m_PrefabParentObject: {fileID: 0}
  m_PrefabInternal: {fileID: 100100000}
  serializedVersion: 4
  m_Component:
  - 4: {fileID: 491860}
  m_Layer: 0
  m_Name: L_Ankle
  m_TagString: Untagged
  m_Icon: {fileID: 0}
  m_NavMeshLayer: 0
  m_StaticEditorFlags: 0
  m_IsActive: 1
--- !u!1 &191862
GameObject:
  m_ObjectHideFlags: 1
  m_PrefabParentObject: {fileID: 0}
  m_PrefabInternal: {fileID: 100100000}
  serializedVersion: 4
  m_Component:
  - 4: {fileID: 491862}
  m_Layer: 0
  m_Name: L_Shoulder
  m_TagString: Untagged
  m_Icon: {fileID: 0}
  m_NavMeshLayer: 0
  m_StaticEditorFlags: 0
  m_IsActive: 1
--- !u!1 &191864
GameObject:
  m_ObjectHideFlags: 1
  m_PrefabParentObject: {fileID: 0}
  m_PrefabInternal: {fileID: 100100000}
  serializedVersion: 4
  m_Component:
  - 4: {fileID: 491864}
  m_Layer: 0
  m_Name: L_Pinky_02
  m_TagString: Untagged
  m_Icon: {fileID: 0}
  m_NavMeshLayer: 0
  m_StaticEditorFlags: 0
  m_IsActive: 1
--- !u!1 &191866
GameObject:
  m_ObjectHideFlags: 1
  m_PrefabParentObject: {fileID: 0}
  m_PrefabInternal: {fileID: 100100000}
  serializedVersion: 4
  m_Component:
  - 4: {fileID: 491866}
  m_Layer: 0
  m_Name: L_Foot
  m_TagString: Untagged
  m_Icon: {fileID: 0}
  m_NavMeshLayer: 0
  m_StaticEditorFlags: 0
  m_IsActive: 1
--- !u!1 &191868
GameObject:
  m_ObjectHideFlags: 1
  m_PrefabParentObject: {fileID: 0}
  m_PrefabInternal: {fileID: 100100000}
  serializedVersion: 4
  m_Component:
  - 4: {fileID: 491868}
  m_Layer: 0
  m_Name: R_Thumb_02
  m_TagString: Untagged
  m_Icon: {fileID: 0}
  m_NavMeshLayer: 0
  m_StaticEditorFlags: 0
  m_IsActive: 1
--- !u!1 &191870
GameObject:
  m_ObjectHideFlags: 1
  m_PrefabParentObject: {fileID: 0}
  m_PrefabInternal: {fileID: 100100000}
  serializedVersion: 4
  m_Component:
  - 4: {fileID: 491870}
  m_Layer: 0
  m_Name: L_Thumb_02
  m_TagString: Untagged
  m_Icon: {fileID: 0}
  m_NavMeshLayer: 0
  m_StaticEditorFlags: 0
  m_IsActive: 1
--- !u!1 &191872
GameObject:
  m_ObjectHideFlags: 1
  m_PrefabParentObject: {fileID: 0}
  m_PrefabInternal: {fileID: 100100000}
  serializedVersion: 4
  m_Component:
  - 4: {fileID: 491872}
  m_Layer: 0
  m_Name: Root
  m_TagString: Untagged
  m_Icon: {fileID: 0}
  m_NavMeshLayer: 0
  m_StaticEditorFlags: 0
  m_IsActive: 1
--- !u!1 &191874
GameObject:
  m_ObjectHideFlags: 1
  m_PrefabParentObject: {fileID: 0}
  m_PrefabInternal: {fileID: 100100000}
  serializedVersion: 4
  m_Component:
  - 4: {fileID: 491874}
  m_Layer: 0
  m_Name: L_Upperarm
  m_TagString: Untagged
  m_Icon: {fileID: 0}
  m_NavMeshLayer: 0
  m_StaticEditorFlags: 0
  m_IsActive: 1
--- !u!1 &191876
GameObject:
  m_ObjectHideFlags: 1
  m_PrefabParentObject: {fileID: 0}
  m_PrefabInternal: {fileID: 100100000}
  serializedVersion: 4
  m_Component:
  - 4: {fileID: 491876}
  m_Layer: 0
  m_Name: R_Hip
  m_TagString: Untagged
  m_Icon: {fileID: 0}
  m_NavMeshLayer: 0
  m_StaticEditorFlags: 0
  m_IsActive: 1
--- !u!1 &191878
GameObject:
  m_ObjectHideFlags: 1
  m_PrefabParentObject: {fileID: 0}
  m_PrefabInternal: {fileID: 100100000}
  serializedVersion: 4
  m_Component:
  - 4: {fileID: 491878}
  m_Layer: 0
  m_Name: R_Pinky_01
  m_TagString: Untagged
  m_Icon: {fileID: 0}
  m_NavMeshLayer: 0
  m_StaticEditorFlags: 0
  m_IsActive: 1
--- !u!1 &191880
GameObject:
  m_ObjectHideFlags: 1
  m_PrefabParentObject: {fileID: 0}
  m_PrefabInternal: {fileID: 100100000}
  serializedVersion: 4
  m_Component:
  - 4: {fileID: 491880}
  m_Layer: 0
  m_Name: R_Ankle
  m_TagString: Untagged
  m_Icon: {fileID: 0}
  m_NavMeshLayer: 0
  m_StaticEditorFlags: 0
  m_IsActive: 1
--- !u!1 &191882
GameObject:
  m_ObjectHideFlags: 1
  m_PrefabParentObject: {fileID: 0}
  m_PrefabInternal: {fileID: 100100000}
  serializedVersion: 4
  m_Component:
  - 4: {fileID: 491882}
  m_Layer: 0
  m_Name: R_indexfinger_02
  m_TagString: Untagged
  m_Icon: {fileID: 0}
  m_NavMeshLayer: 0
  m_StaticEditorFlags: 0
  m_IsActive: 1
--- !u!1 &191884
GameObject:
  m_ObjectHideFlags: 0
  m_PrefabParentObject: {fileID: 0}
  m_PrefabInternal: {fileID: 100100000}
  serializedVersion: 4
  m_Component:
  - 4: {fileID: 491884}
  - 195: {fileID: 19591848}
  - 136: {fileID: 13691848}
  - 143: {fileID: 14391848}
  - 95: {fileID: 9591848}
  - 114: {fileID: 11491850}
  - 114: {fileID: 11491848}
  - 82: {fileID: 8207436}
  m_Layer: 0
  m_Name: Enemy
  m_TagString: Enemy
  m_Icon: {fileID: 0}
  m_NavMeshLayer: 0
  m_StaticEditorFlags: 0
  m_IsActive: 1
--- !u!1 &191886
GameObject:
  m_ObjectHideFlags: 1
  m_PrefabParentObject: {fileID: 0}
  m_PrefabInternal: {fileID: 100100000}
  serializedVersion: 4
  m_Component:
  - 4: {fileID: 491886}
  m_Layer: 0
  m_Name: L_indexfinger_02
  m_TagString: Untagged
  m_Icon: {fileID: 0}
  m_NavMeshLayer: 0
  m_StaticEditorFlags: 0
  m_IsActive: 1
--- !u!1 &191888
GameObject:
  m_ObjectHideFlags: 1
  m_PrefabParentObject: {fileID: 0}
  m_PrefabInternal: {fileID: 100100000}
  serializedVersion: 4
  m_Component:
  - 4: {fileID: 491888}
  m_Layer: 0
  m_Name: R_Shoulder
  m_TagString: Untagged
  m_Icon: {fileID: 0}
  m_NavMeshLayer: 0
  m_StaticEditorFlags: 0
  m_IsActive: 1
--- !u!1 &191890
GameObject:
  m_ObjectHideFlags: 1
  m_PrefabParentObject: {fileID: 0}
  m_PrefabInternal: {fileID: 100100000}
  serializedVersion: 4
  m_Component:
  - 4: {fileID: 491890}
  m_Layer: 0
  m_Name: R_Foot
  m_TagString: Untagged
  m_Icon: {fileID: 0}
  m_NavMeshLayer: 0
  m_StaticEditorFlags: 0
  m_IsActive: 1
--- !u!1 &191892
GameObject:
  m_ObjectHideFlags: 1
  m_PrefabParentObject: {fileID: 0}
  m_PrefabInternal: {fileID: 100100000}
  serializedVersion: 4
  m_Component:
  - 4: {fileID: 491892}
  m_Layer: 0
  m_Name: L_Hip
  m_TagString: Untagged
  m_Icon: {fileID: 0}
  m_NavMeshLayer: 0
  m_StaticEditorFlags: 0
  m_IsActive: 1
--- !u!1 &191894
GameObject:
  m_ObjectHideFlags: 1
  m_PrefabParentObject: {fileID: 0}
  m_PrefabInternal: {fileID: 100100000}
  serializedVersion: 4
  m_Component:
  - 4: {fileID: 491894}
  m_Layer: 0
  m_Name: R_Knee
  m_TagString: Untagged
  m_Icon: {fileID: 0}
  m_NavMeshLayer: 0
  m_StaticEditorFlags: 0
  m_IsActive: 1
--- !u!1 &191896
GameObject:
  m_ObjectHideFlags: 1
  m_PrefabParentObject: {fileID: 0}
  m_PrefabInternal: {fileID: 100100000}
  serializedVersion: 4
  m_Component:
  - 4: {fileID: 491896}
  m_Layer: 0
  m_Name: Neck
  m_TagString: Untagged
  m_Icon: {fileID: 0}
  m_NavMeshLayer: 0
  m_StaticEditorFlags: 0
  m_IsActive: 1
--- !u!1 &191898
GameObject:
  m_ObjectHideFlags: 1
  m_PrefabParentObject: {fileID: 0}
  m_PrefabInternal: {fileID: 100100000}
  serializedVersion: 4
  m_Component:
  - 4: {fileID: 491898}
  m_Layer: 0
  m_Name: R_Hand
  m_TagString: Untagged
  m_Icon: {fileID: 0}
  m_NavMeshLayer: 0
  m_StaticEditorFlags: 0
  m_IsActive: 1
--- !u!1 &191900
GameObject:
  m_ObjectHideFlags: 1
  m_PrefabParentObject: {fileID: 0}
  m_PrefabInternal: {fileID: 100100000}
  serializedVersion: 4
  m_Component:
  - 4: {fileID: 491900}
  m_Layer: 0
  m_Name: L_Middlefinger_01
  m_TagString: Untagged
  m_Icon: {fileID: 0}
  m_NavMeshLayer: 0
  m_StaticEditorFlags: 0
  m_IsActive: 1
--- !u!1 &191902
GameObject:
  m_ObjectHideFlags: 1
  m_PrefabParentObject: {fileID: 0}
  m_PrefabInternal: {fileID: 100100000}
  serializedVersion: 4
  m_Component:
  - 4: {fileID: 491902}
  m_Layer: 0
  m_Name: R_Elbow
  m_TagString: Untagged
  m_Icon: {fileID: 0}
  m_NavMeshLayer: 0
  m_StaticEditorFlags: 0
  m_IsActive: 1
--- !u!1 &191904
GameObject:
  m_ObjectHideFlags: 1
  m_PrefabParentObject: {fileID: 0}
  m_PrefabInternal: {fileID: 100100000}
  serializedVersion: 4
  m_Component:
  - 4: {fileID: 491904}
  m_Layer: 0
  m_Name: L_Elbow
  m_TagString: Untagged
  m_Icon: {fileID: 0}
  m_NavMeshLayer: 0
  m_StaticEditorFlags: 0
  m_IsActive: 1
--- !u!1 &191906
GameObject:
  m_ObjectHideFlags: 1
  m_PrefabParentObject: {fileID: 0}
  m_PrefabInternal: {fileID: 100100000}
  serializedVersion: 4
  m_Component:
  - 4: {fileID: 491906}
  m_Layer: 0
  m_Name: Headtip
  m_TagString: Untagged
  m_Icon: {fileID: 0}
  m_NavMeshLayer: 0
  m_StaticEditorFlags: 0
  m_IsActive: 1
--- !u!1 &191908
GameObject:
  m_ObjectHideFlags: 1
  m_PrefabParentObject: {fileID: 0}
  m_PrefabInternal: {fileID: 100100000}
  serializedVersion: 4
  m_Component:
  - 4: {fileID: 491908}
  m_Layer: 0
  m_Name: Spine_01
  m_TagString: Untagged
  m_Icon: {fileID: 0}
  m_NavMeshLayer: 0
  m_StaticEditorFlags: 0
  m_IsActive: 1
--- !u!1 &191910
GameObject:
  m_ObjectHideFlags: 1
  m_PrefabParentObject: {fileID: 0}
  m_PrefabInternal: {fileID: 100100000}
  serializedVersion: 4
  m_Component:
  - 4: {fileID: 491910}
  m_Layer: 0
  m_Name: R_Middlefinger_02
  m_TagString: Untagged
  m_Icon: {fileID: 0}
  m_NavMeshLayer: 0
  m_StaticEditorFlags: 0
  m_IsActive: 1
--- !u!1 &191912
GameObject:
  m_ObjectHideFlags: 1
  m_PrefabParentObject: {fileID: 0}
  m_PrefabInternal: {fileID: 100100000}
  serializedVersion: 4
  m_Component:
  - 4: {fileID: 491912}
  m_Layer: 0
  m_Name: R_Thumb_01
  m_TagString: Untagged
  m_Icon: {fileID: 0}
  m_NavMeshLayer: 0
  m_StaticEditorFlags: 0
  m_IsActive: 1
--- !u!1 &191914
GameObject:
  m_ObjectHideFlags: 0
  m_PrefabParentObject: {fileID: 0}
  m_PrefabInternal: {fileID: 100100000}
  serializedVersion: 4
  m_Component:
  - 4: {fileID: 491914}
  - 82: {fileID: 8291848}
  m_Layer: 0
  m_Name: Basic_Guard
  m_TagString: Untagged
  m_Icon: {fileID: 0}
  m_NavMeshLayer: 0
  m_StaticEditorFlags: 0
  m_IsActive: 1
--- !u!1 &191916
GameObject:
  m_ObjectHideFlags: 1
  m_PrefabParentObject: {fileID: 0}
  m_PrefabInternal: {fileID: 100100000}
  serializedVersion: 4
  m_Component:
  - 4: {fileID: 491916}
  m_Layer: 0
  m_Name: L_Hand
  m_TagString: Untagged
  m_Icon: {fileID: 0}
  m_NavMeshLayer: 0
  m_StaticEditorFlags: 0
  m_IsActive: 1
--- !u!1 &191918
GameObject:
  m_ObjectHideFlags: 1
  m_PrefabParentObject: {fileID: 0}
  m_PrefabInternal: {fileID: 100100000}
  serializedVersion: 4
  m_Component:
  - 4: {fileID: 491918}
  m_Layer: 0
  m_Name: L_Ringfinger_01
  m_TagString: Untagged
  m_Icon: {fileID: 0}
  m_NavMeshLayer: 0
  m_StaticEditorFlags: 0
  m_IsActive: 1
--- !u!1 &191920
GameObject:
  m_ObjectHideFlags: 1
  m_PrefabParentObject: {fileID: 0}
  m_PrefabInternal: {fileID: 100100000}
  serializedVersion: 4
  m_Component:
  - 4: {fileID: 491920}
  - 137: {fileID: 13791848}
  m_Layer: 0
  m_Name: Basic_Guard_LP1:mesh_1
  m_TagString: Untagged
  m_Icon: {fileID: 0}
  m_NavMeshLayer: 0
  m_StaticEditorFlags: 0
  m_IsActive: 1
--- !u!1 &191922
GameObject:
  m_ObjectHideFlags: 1
  m_PrefabParentObject: {fileID: 0}
  m_PrefabInternal: {fileID: 100100000}
  serializedVersion: 4
  m_Component:
  - 4: {fileID: 491922}
  m_Layer: 0
  m_Name: L_Knee
  m_TagString: Untagged
  m_Icon: {fileID: 0}
  m_NavMeshLayer: 0
  m_StaticEditorFlags: 0
  m_IsActive: 1
--- !u!1 &191924
GameObject:
  m_ObjectHideFlags: 1
  m_PrefabParentObject: {fileID: 0}
  m_PrefabInternal: {fileID: 100100000}
  serializedVersion: 4
  m_Component:
  - 4: {fileID: 491924}
  m_Layer: 0
  m_Name: R_Ringfinger_01
  m_TagString: Untagged
  m_Icon: {fileID: 0}
  m_NavMeshLayer: 0
  m_StaticEditorFlags: 0
  m_IsActive: 1
--- !u!1 &191926
GameObject:
  m_ObjectHideFlags: 1
  m_PrefabParentObject: {fileID: 0}
  m_PrefabInternal: {fileID: 100100000}
  serializedVersion: 4
  m_Component:
  - 4: {fileID: 491926}
  m_Layer: 0
  m_Name: L_Ringfinder_02
  m_TagString: Untagged
  m_Icon: {fileID: 0}
  m_NavMeshLayer: 0
  m_StaticEditorFlags: 0
  m_IsActive: 1
--- !u!1 &191928
GameObject:
  m_ObjectHideFlags: 1
  m_PrefabParentObject: {fileID: 0}
  m_PrefabInternal: {fileID: 100100000}
  serializedVersion: 4
  m_Component:
  - 4: {fileID: 491928}
  m_Layer: 0
  m_Name: R_Middlefinger_01
  m_TagString: Untagged
  m_Icon: {fileID: 0}
  m_NavMeshLayer: 0
  m_StaticEditorFlags: 0
  m_IsActive: 1
--- !u!1 &191930
GameObject:
  m_ObjectHideFlags: 1
  m_PrefabParentObject: {fileID: 0}
  m_PrefabInternal: {fileID: 100100000}
  serializedVersion: 4
  m_Component:
  - 4: {fileID: 491930}
  m_Layer: 0
  m_Name: Headjoint
  m_TagString: Untagged
  m_Icon: {fileID: 0}
  m_NavMeshLayer: 0
  m_StaticEditorFlags: 0
  m_IsActive: 1
--- !u!1 &191932
GameObject:
  m_ObjectHideFlags: 1
  m_PrefabParentObject: {fileID: 0}
  m_PrefabInternal: {fileID: 100100000}
  serializedVersion: 4
  m_Component:
  - 4: {fileID: 491932}
  m_Layer: 0
  m_Name: R_Pinky_02
  m_TagString: Untagged
  m_Icon: {fileID: 0}
  m_NavMeshLayer: 0
  m_StaticEditorFlags: 0
  m_IsActive: 1
--- !u!1 &191934
GameObject:
  m_ObjectHideFlags: 1
  m_PrefabParentObject: {fileID: 0}
  m_PrefabInternal: {fileID: 100100000}
  serializedVersion: 4
  m_Component:
  - 4: {fileID: 491934}
  m_Layer: 0
  m_Name: R_Upperarm
  m_TagString: Untagged
  m_Icon: {fileID: 0}
  m_NavMeshLayer: 0
  m_StaticEditorFlags: 0
  m_IsActive: 1
--- !u!4 &428000
Transform:
  m_ObjectHideFlags: 1
  m_PrefabParentObject: {fileID: 0}
  m_PrefabInternal: {fileID: 100100000}
  m_GameObject: {fileID: 156896}
  m_LocalRotation: {x: .567456722, y: -.487659276, z: -.487080932, w: -.450481504}
  m_LocalPosition: {x: -.113995522, y: -.0270019379, z: -.00603308715}
  m_LocalScale: {x: 1, y: 1, z: 1}
  m_Children: []
  m_Father: {fileID: 491898}
  m_RootOrder: 5
--- !u!4 &467370
Transform:
  m_ObjectHideFlags: 1
  m_PrefabParentObject: {fileID: 0}
  m_PrefabInternal: {fileID: 100100000}
  m_GameObject: {fileID: 112756}
  m_LocalRotation: {x: -.01242493, y: -.13856326, z: -.00399865163, w: .990267634}
  m_LocalPosition: {x: -.0170000009, y: -1.81099999, z: -.00100000005}
  m_LocalScale: {x: 1, y: 1, z: 1}
  m_Children:
  - {fileID: 499802}
  m_Father: {fileID: 491906}
  m_RootOrder: 0
--- !u!4 &491848
Transform:
  m_ObjectHideFlags: 1
  m_PrefabParentObject: {fileID: 0}
  m_PrefabInternal: {fileID: 100100000}
  m_GameObject: {fileID: 191848}
  m_LocalRotation: {x: .445593596, y: .296290725, z: .319410771, w: .782070935}
  m_LocalPosition: {x: -.0574334599, y: -.11298617, z: -.0129716164}
  m_LocalScale: {x: 1, y: 1, z: 1}
  m_Children:
  - {fileID: 491864}
  m_Father: {fileID: 491916}
  m_RootOrder: 2
--- !u!4 &491850
Transform:
  m_ObjectHideFlags: 1
  m_PrefabParentObject: {fileID: 0}
  m_PrefabInternal: {fileID: 100100000}
  m_GameObject: {fileID: 191850}
  m_LocalRotation: {x: -.193549886, y: -.155186355, z: .285090029, w: .925839841}
  m_LocalPosition: {x: -.120626681, y: -.0593357757, z: -.0368651822}
  m_LocalScale: {x: 1, y: 1, z: 1}
  m_Children:
  - {fileID: 491886}
  m_Father: {fileID: 491916}
  m_RootOrder: 0
--- !u!4 &491852
Transform:
  m_ObjectHideFlags: 1
  m_PrefabParentObject: {fileID: 0}
  m_PrefabInternal: {fileID: 100100000}
  m_GameObject: {fileID: 191852}
  m_LocalRotation: {x: -.419958055, y: -.182834968, z: .137804434, w: .878189385}
  m_LocalPosition: {x: -.124104291, y: -.0436579734, z: -.0460839979}
  m_LocalScale: {x: 1, y: 1, z: 1}
  m_Children:
  - {fileID: 491882}
  m_Father: {fileID: 491898}
  m_RootOrder: 0
--- !u!4 &491854
Transform:
  m_ObjectHideFlags: 1
  m_PrefabParentObject: {fileID: 0}
  m_PrefabInternal: {fileID: 100100000}
  m_GameObject: {fileID: 191854}
  m_LocalRotation: {x: .12111184, y: .112363935, z: .221574843, w: .961046755}
  m_LocalPosition: {x: -.100592367, y: -.0123206777, z: .00825568847}
  m_LocalScale: {x: 1, y: 1, z: 1}
  m_Children:
  - {fileID: 491870}
  m_Father: {fileID: 491916}
  m_RootOrder: 4
--- !u!4 &491856
Transform:
  m_ObjectHideFlags: 1
  m_PrefabParentObject: {fileID: 0}
  m_PrefabInternal: {fileID: 100100000}
  m_GameObject: {fileID: 191856}
  m_LocalRotation: {x: .508976817, y: .149996907, z: -.01831281, w: .847412705}
  m_LocalPosition: {x: -.0361841172, y: -.00123477262, z: .00514804805}
  m_LocalScale: {x: 1, y: 1, z: 1}
  m_Children: []
  m_Father: {fileID: 491900}
  m_RootOrder: 0
--- !u!4 &491858
Transform:
  m_ObjectHideFlags: 1
  m_PrefabParentObject: {fileID: 0}
  m_PrefabInternal: {fileID: 100100000}
  m_GameObject: {fileID: 191858}
  m_LocalRotation: {x: -.0287352111, y: -.0068322802, z: -.16768603, w: .985397935}
  m_LocalPosition: {x: -.0430518873, y: .00134595064, z: -.00114279334}
  m_LocalScale: {x: 1, y: 1, z: 1}
  m_Children: []
  m_Father: {fileID: 491924}
  m_RootOrder: 0
--- !u!4 &491860
Transform:
  m_ObjectHideFlags: 1
  m_PrefabParentObject: {fileID: 0}
  m_PrefabInternal: {fileID: 100100000}
  m_GameObject: {fileID: 191860}
  m_LocalRotation: {x: .832616746, y: .52582705, z: -.0744013041, w: .157225236}
  m_LocalPosition: {x: -.363516897, y: -.0192045234, z: .0101694381}
  m_LocalScale: {x: 1, y: 1, z: 1}
  m_Children:
  - {fileID: 491866}
  m_Father: {fileID: 491922}
  m_RootOrder: 0
--- !u!4 &491862
Transform:
  m_ObjectHideFlags: 1
  m_PrefabParentObject: {fileID: 0}
  m_PrefabInternal: {fileID: 100100000}
  m_GameObject: {fileID: 191862}
  m_LocalRotation: {x: .0184996445, y: .778517783, z: -.55798322, w: -.286744803}
  m_LocalPosition: {x: .0129872514, y: -.00568879023, z: -.0994690955}
  m_LocalScale: {x: 1, y: 1, z: 1}
  m_Children:
  - {fileID: 491874}
  m_Father: {fileID: 491896}
  m_RootOrder: 1
--- !u!4 &491864
Transform:
  m_ObjectHideFlags: 1
  m_PrefabParentObject: {fileID: 0}
  m_PrefabInternal: {fileID: 100100000}
  m_GameObject: {fileID: 191864}
  m_LocalRotation: {x: -.0683360472, y: -.0204976927, z: -.0919869319, w: .993201137}
  m_LocalPosition: {x: -.0353348367, y: .000982202357, z: -.000748543709}
  m_LocalScale: {x: 1, y: 1, z: 1}
  m_Children: []
  m_Father: {fileID: 491848}
  m_RootOrder: 0
--- !u!4 &491866
Transform:
  m_ObjectHideFlags: 1
  m_PrefabParentObject: {fileID: 0}
  m_PrefabInternal: {fileID: 100100000}
  m_GameObject: {fileID: 191866}
  m_LocalRotation: {x: -.0158653483, y: .0328892097, z: -.848903, w: .527285814}
  m_LocalPosition: {x: -.09914691, y: -.0170769338, z: .00711774686}
  m_LocalScale: {x: 1, y: 1, z: 1}
  m_Children: []
  m_Father: {fileID: 491860}
  m_RootOrder: 0
--- !u!4 &491868
Transform:
  m_ObjectHideFlags: 1
  m_PrefabParentObject: {fileID: 0}
  m_PrefabInternal: {fileID: 100100000}
  m_GameObject: {fileID: 191868}
  m_LocalRotation: {x: -.00826118514, y: .0229088273, z: -.098651886, w: .994823992}
  m_LocalPosition: {x: -.0274208914, y: .000849925738, z: .0124369105}
  m_LocalScale: {x: 1, y: 1, z: 1}
  m_Children: []
  m_Father: {fileID: 491912}
  m_RootOrder: 0
--- !u!4 &491870
Transform:
  m_ObjectHideFlags: 1
  m_PrefabParentObject: {fileID: 0}
  m_PrefabInternal: {fileID: 100100000}
  m_GameObject: {fileID: 191870}
  m_LocalRotation: {x: .0947443843, y: .0433594063, z: .091525808, w: .990336597}
  m_LocalPosition: {x: -.0299497414, y: -.00295838038, z: .00124464731}
  m_LocalScale: {x: 1, y: 1, z: 1}
  m_Children: []
  m_Father: {fileID: 491854}
  m_RootOrder: 0
--- !u!4 &491872
Transform:
  m_ObjectHideFlags: 1
  m_PrefabParentObject: {fileID: 0}
  m_PrefabInternal: {fileID: 100100000}
  m_GameObject: {fileID: 191872}
  m_LocalRotation: {x: -.472716063, y: .525870264, z: -.472716063, w: .525870264}
  m_LocalPosition: {x: -.003277543, y: .95115149, z: -.00753997779}
  m_LocalScale: {x: 1, y: 1.00000012, z: 1}
  m_Children:
  - {fileID: 491892}
  - {fileID: 491876}
  - {fileID: 491908}
  m_Father: {fileID: 491914}
  m_RootOrder: 1
--- !u!4 &491874
Transform:
  m_ObjectHideFlags: 1
  m_PrefabParentObject: {fileID: 0}
  m_PrefabInternal: {fileID: 100100000}
  m_GameObject: {fileID: 191874}
  m_LocalRotation: {x: -1.32532874e-15, y: 0, z: -0, w: 1}
  m_LocalPosition: {x: -.100740857, y: .0759920478, z: .0159313958}
  m_LocalScale: {x: 1, y: 1, z: 1}
  m_Children:
  - {fileID: 491904}
  m_Father: {fileID: 491862}
  m_RootOrder: 0
--- !u!4 &491876
Transform:
  m_ObjectHideFlags: 1
  m_PrefabParentObject: {fileID: 0}
  m_PrefabInternal: {fileID: 100100000}
  m_GameObject: {fileID: 191876}
  m_LocalRotation: {x: .98152703, y: -.00671850424, z: .0189962033, w: -.190259814}
  m_LocalPosition: {x: .0567016676, y: -.0321755596, z: .118936829}
  m_LocalScale: {x: 1, y: 1, z: 1}
  m_Children:
  - {fileID: 491894}
  m_Father: {fileID: 491872}
  m_RootOrder: 1
--- !u!4 &491878
Transform:
  m_ObjectHideFlags: 1
  m_PrefabParentObject: {fileID: 0}
  m_PrefabInternal: {fileID: 100100000}
  m_GameObject: {fileID: 191878}
  m_LocalRotation: {x: -.820482731, y: -.0302216727, z: -.175163195, w: .543334842}
  m_LocalPosition: {x: -.116168559, y: .0411451682, z: -.0323210917}
  m_LocalScale: {x: 1, y: 1, z: 1}
  m_Children:
  - {fileID: 491932}
  m_Father: {fileID: 491898}
  m_RootOrder: 2
--- !u!4 &491880
Transform:
  m_ObjectHideFlags: 1
  m_PrefabParentObject: {fileID: 0}
  m_PrefabInternal: {fileID: 100100000}
  m_GameObject: {fileID: 191880}
  m_LocalRotation: {x: -.185015678, y: .0567532703, z: .528023422, w: .826885521}
  m_LocalPosition: {x: .363516629, y: .0192044582, z: -.0101696746}
  m_LocalScale: {x: 1, y: 1, z: 1}
  m_Children:
  - {fileID: 491890}
  m_Father: {fileID: 491894}
  m_RootOrder: 0
--- !u!4 &491882
Transform:
  m_ObjectHideFlags: 1
  m_PrefabParentObject: {fileID: 0}
  m_PrefabInternal: {fileID: 100100000}
  m_GameObject: {fileID: 191882}
  m_LocalRotation: {x: -.0950803906, y: -.0713489726, z: -.155349523, w: .980681181}
  m_LocalPosition: {x: -.0329714678, y: .00248888554, z: -.00127323973}
  m_LocalScale: {x: 1, y: 1, z: 1}
  m_Children: []
  m_Father: {fileID: 491852}
  m_RootOrder: 0
--- !u!4 &491884
Transform:
  m_ObjectHideFlags: 1
  m_PrefabParentObject: {fileID: 0}
  m_PrefabInternal: {fileID: 100100000}
  m_GameObject: {fileID: 191884}
  m_LocalRotation: {x: 0, y: .707107723, z: 0, w: .707105875}
  m_LocalPosition: {x: -18.1518326, y: -2.97216911e-06, z: 1.02122819}
  m_LocalScale: {x: 1, y: 1, z: 1}
  m_Children:
  - {fileID: 491914}
  m_Father: {fileID: 0}
  m_RootOrder: 0
--- !u!4 &491886
Transform:
  m_ObjectHideFlags: 1
  m_PrefabParentObject: {fileID: 0}
  m_PrefabInternal: {fileID: 100100000}
  m_GameObject: {fileID: 191886}
  m_LocalRotation: {x: .454483986, y: .170151114, z: .0165150985, w: .874196887}
  m_LocalPosition: {x: -.0323283002, y: -.0032553107, z: .00626208819}
  m_LocalScale: {x: 1, y: 1, z: 1}
  m_Children: []
  m_Father: {fileID: 491850}
  m_RootOrder: 0
--- !u!4 &491888
Transform:
  m_ObjectHideFlags: 1
  m_PrefabParentObject: {fileID: 0}
  m_PrefabInternal: {fileID: 100100000}
  m_GameObject: {fileID: 191888}
  m_LocalRotation: {x: -.236973092, y: -.808371365, z: -.115767479, w: .526286542}
  m_LocalPosition: {x: .0131771164, y: -.00445129583, z: .101709791}
  m_LocalScale: {x: 1, y: 1, z: 1}
  m_Children:
  - {fileID: 491934}
  m_Father: {fileID: 491896}
  m_RootOrder: 2
--- !u!4 &491890
Transform:
  m_ObjectHideFlags: 1
  m_PrefabParentObject: {fileID: 0}
  m_PrefabInternal: {fileID: 100100000}
  m_GameObject: {fileID: 191890}
  m_LocalRotation: {x: .985259652, y: .159697339, z: .0389481187, w: -.0473636612}
  m_LocalPosition: {x: .0991466567, y: -.0175151899, z: .00595866377}
  m_LocalScale: {x: 1, y: 1, z: 1}
  m_Children: []
  m_Father: {fileID: 491880}
  m_RootOrder: 0
--- !u!4 &491892
Transform:
  m_ObjectHideFlags: 1
  m_PrefabParentObject: {fileID: 0}
  m_PrefabInternal: {fileID: 100100000}
  m_GameObject: {fileID: 191892}
  m_LocalRotation: {x: .00671850424, y: .98152703, z: -.190259814, w: -.0189962033}
  m_LocalPosition: {x: .0567016676, y: -.0321755596, z: -.118937172}
  m_LocalScale: {x: 1, y: 1, z: 1}
  m_Children:
  - {fileID: 491922}
  m_Father: {fileID: 491872}
  m_RootOrder: 0
--- !u!4 &491894
Transform:
  m_ObjectHideFlags: 1
  m_PrefabParentObject: {fileID: 0}
  m_PrefabInternal: {fileID: 100100000}
  m_GameObject: {fileID: 191894}
  m_LocalRotation: {x: -.053749159, y: -.00577221205, z: -.0142914001, w: .998435497}
  m_LocalPosition: {x: .435701549, y: -.00492886826, z: -.00175014941}
  m_LocalScale: {x: 1, y: 1, z: 1}
  m_Children:
  - {fileID: 491880}
  m_Father: {fileID: 491876}
  m_RootOrder: 0
--- !u!4 &491896
Transform:
  m_ObjectHideFlags: 1
  m_PrefabParentObject: {fileID: 0}
  m_PrefabInternal: {fileID: 100100000}
  m_GameObject: {fileID: 191896}
  m_LocalRotation: {x: .918245614, y: -.265815407, z: -.0323543996, w: -.291753948}
  m_LocalPosition: {x: -.341985554, y: .0177363474, z: -.027392881}
  m_LocalScale: {x: 1, y: 1, z: 1}
  m_Children:
  - {fileID: 491930}
  - {fileID: 491862}
  - {fileID: 491888}
  m_Father: {fileID: 491908}
  m_RootOrder: 0
--- !u!4 &491898
Transform:
  m_ObjectHideFlags: 1
  m_PrefabParentObject: {fileID: 0}
  m_PrefabInternal: {fileID: 100100000}
  m_GameObject: {fileID: 191898}
  m_LocalRotation: {x: -.0522695556, y: -.128487036, z: .117216937, w: .983371317}
  m_LocalPosition: {x: -.17539531, y: -.0568105616, z: -.193440199}
  m_LocalScale: {x: 1, y: 1, z: 1}
  m_Children:
  - {fileID: 491852}
  - {fileID: 491928}
  - {fileID: 491878}
  - {fileID: 491924}
  - {fileID: 491912}
  - {fileID: 428000}
  m_Father: {fileID: 491902}
  m_RootOrder: 0
--- !u!4 &491900
Transform:
  m_ObjectHideFlags: 1
  m_PrefabParentObject: {fileID: 0}
  m_PrefabInternal: {fileID: 100100000}
  m_GameObject: {fileID: 191900}
  m_LocalRotation: {x: -.210429236, y: -.150152162, z: .335576504, w: .90584892}
  m_LocalPosition: {x: -.104851112, y: -.0890520886, z: -.0348008089}
  m_LocalScale: {x: 1, y: 1, z: 1}
  m_Children:
  - {fileID: 491856}
  m_Father: {fileID: 491916}
  m_RootOrder: 1
--- !u!4 &491902
Transform:
  m_ObjectHideFlags: 1
  m_PrefabParentObject: {fileID: 0}
  m_PrefabInternal: {fileID: 100100000}
  m_GameObject: {fileID: 191902}
  m_LocalRotation: {x: .00465229573, y: -.0176530182, z: .00145070895, w: .999832332}
  m_LocalPosition: {x: -.16198425, y: -.0285626501, z: -.192919046}
  m_LocalScale: {x: 1, y: 1, z: 1}
  m_Children:
  - {fileID: 491898}
  m_Father: {fileID: 491934}
  m_RootOrder: 0
--- !u!4 &491904
Transform:
  m_ObjectHideFlags: 1
  m_PrefabParentObject: {fileID: 0}
  m_PrefabInternal: {fileID: 100100000}
  m_GameObject: {fileID: 191904}
  m_LocalRotation: {x: -1.8870831e-15, y: -3.34302497e-17, z: .0177125242, w: .999843121}
  m_LocalPosition: {x: -.253135294, y: -.00350276078, z: .0135393338}
  m_LocalScale: {x: 1, y: 1, z: 1}
  m_Children:
  - {fileID: 491916}
  m_Father: {fileID: 491874}
  m_RootOrder: 0
--- !u!4 &491906
Transform:
  m_ObjectHideFlags: 1
  m_PrefabParentObject: {fileID: 0}
  m_PrefabInternal: {fileID: 100100000}
  m_GameObject: {fileID: 191906}
  m_LocalRotation: {x: -.579384923, y: .589879036, z: -.394130498, w: -.401269197}
  m_LocalPosition: {x: -.171570122, y: -.0254017711, z: -.0100324769}
  m_LocalScale: {x: 1, y: 1, z: 1}
  m_Children:
  - {fileID: 467370}
  m_Father: {fileID: 491930}
  m_RootOrder: 0
--- !u!4 &491908
Transform:
  m_ObjectHideFlags: 1
  m_PrefabParentObject: {fileID: 0}
  m_PrefabInternal: {fileID: 100100000}
  m_GameObject: {fileID: 191908}
  m_LocalRotation: {x: .947652996, y: -.132430419, z: .00943753589, w: .290391117}
  m_LocalPosition: {x: -.205624893, y: .0100424485, z: .00111883041}
  m_LocalScale: {x: 1, y: 1, z: 1}
  m_Children:
  - {fileID: 491896}
  m_Father: {fileID: 491872}
  m_RootOrder: 2
--- !u!4 &491910
Transform:
  m_ObjectHideFlags: 1
  m_PrefabParentObject: {fileID: 0}
  m_PrefabInternal: {fileID: 100100000}
  m_GameObject: {fileID: 191910}
  m_LocalRotation: {x: .00532068592, y: .0552867167, z: -.140633598, w: .988502562}
  m_LocalPosition: {x: -.0364445969, y: .00301142037, z: .000167234073}
  m_LocalScale: {x: 1, y: 1, z: 1}
  m_Children: []
  m_Father: {fileID: 491928}
  m_RootOrder: 0
--- !u!4 &491912
Transform:
  m_ObjectHideFlags: 1
  m_PrefabParentObject: {fileID: 0}
  m_PrefabInternal: {fileID: 100100000}
  m_GameObject: {fileID: 191912}
  m_LocalRotation: {x: -.109880313, y: -.177483857, z: .114450075, w: .971250236}
  m_LocalPosition: {x: -.0831823274, y: -.0581134409, z: .00649383897}
  m_LocalScale: {x: 1, y: 1, z: 1}
  m_Children:
  - {fileID: 491868}
  m_Father: {fileID: 491898}
  m_RootOrder: 4
--- !u!4 &491914
Transform:
  m_ObjectHideFlags: 1
  m_PrefabParentObject: {fileID: 0}
  m_PrefabInternal: {fileID: 100100000}
  m_GameObject: {fileID: 191914}
  m_LocalRotation: {x: 0, y: 0, z: 0, w: 1}
  m_LocalPosition: {x: 0, y: 0, z: 0}
  m_LocalScale: {x: 1, y: 1, z: 1}
  m_Children:
  - {fileID: 491920}
  - {fileID: 491872}
  m_Father: {fileID: 491884}
  m_RootOrder: 0
--- !u!4 &491916
Transform:
  m_ObjectHideFlags: 1
  m_PrefabParentObject: {fileID: 0}
  m_PrefabInternal: {fileID: 100100000}
  m_GameObject: {fileID: 191916}
  m_LocalRotation: {x: .569449425, y: .471385598, z: -.188104868, w: .646637201}
  m_LocalPosition: {x: -.264157504, y: .0067384853, z: .0398232527}
  m_LocalScale: {x: 1, y: 1, z: 1}
  m_Children:
  - {fileID: 491850}
  - {fileID: 491900}
  - {fileID: 491848}
  - {fileID: 491918}
  - {fileID: 491854}
  m_Father: {fileID: 491904}
  m_RootOrder: 0
--- !u!4 &491918
Transform:
  m_ObjectHideFlags: 1
  m_PrefabParentObject: {fileID: 0}
  m_PrefabInternal: {fileID: 100100000}
  m_GameObject: {fileID: 191918}
  m_LocalRotation: {x: -.140768349, y: -.097516723, z: .355081856, w: .919016719}
  m_LocalPosition: {x: -.0769043937, y: -.101996489, z: -.0260341745}
  m_LocalScale: {x: 1, y: 1, z: 1}
  m_Children:
  - {fileID: 491926}
  m_Father: {fileID: 491916}
  m_RootOrder: 3
--- !u!4 &491920
Transform:
  m_ObjectHideFlags: 1
  m_PrefabParentObject: {fileID: 0}
  m_PrefabInternal: {fileID: 100100000}
  m_GameObject: {fileID: 191920}
  m_LocalRotation: {x: 0, y: -0, z: 0, w: 1}
  m_LocalPosition: {x: 0, y: 0, z: 0}
  m_LocalScale: {x: 1, y: 1, z: 1}
  m_Children: []
  m_Father: {fileID: 491914}
  m_RootOrder: 0
--- !u!4 &491922
Transform:
  m_ObjectHideFlags: 1
  m_PrefabParentObject: {fileID: 0}
  m_PrefabInternal: {fileID: 100100000}
  m_GameObject: {fileID: 191922}
  m_LocalRotation: {x: -.053749159, y: -.00577221205, z: -.0142914001, w: .998435497}
  m_LocalPosition: {x: -.435701281, y: .00492875325, z: .00174978841}
  m_LocalScale: {x: 1, y: 1, z: 1}
  m_Children:
  - {fileID: 491860}
  m_Father: {fileID: 491892}
  m_RootOrder: 0
--- !u!4 &491924
Transform:
  m_ObjectHideFlags: 1
  m_PrefabParentObject: {fileID: 0}
  m_PrefabInternal: {fileID: 100100000}
  m_GameObject: {fileID: 191924}
  m_LocalRotation: {x: -.831479192, y: -.0238631889, z: -.0295364559, w: .554256737}
  m_LocalPosition: {x: -.12165527, y: .0182705354, z: -.0431453735}
  m_LocalScale: {x: 1, y: 1, z: 1}
  m_Children:
  - {fileID: 491858}
  m_Father: {fileID: 491898}
  m_RootOrder: 3
--- !u!4 &491926
Transform:
  m_ObjectHideFlags: 1
  m_PrefabParentObject: {fileID: 0}
  m_PrefabInternal: {fileID: 100100000}
  m_GameObject: {fileID: 191926}
  m_LocalRotation: {x: .394260496, y: .139488235, z: -.0933183208, w: .903544903}
  m_LocalPosition: {x: -.0428492799, y: .000461304473, z: .00451071421}
  m_LocalScale: {x: 1, y: 1, z: 1}
  m_Children: []
  m_Father: {fileID: 491918}
  m_RootOrder: 0
--- !u!4 &491928
Transform:
  m_ObjectHideFlags: 1
  m_PrefabParentObject: {fileID: 0}
  m_PrefabInternal: {fileID: 100100000}
  m_GameObject: {fileID: 191928}
  m_LocalRotation: {x: -.839130282, y: -.0135503048, z: -.00565085839, w: .543732345}
  m_LocalPosition: {x: -.132567272, y: -.0111877983, z: -.049353376}
  m_LocalScale: {x: 1, y: 1, z: 1}
  m_Children:
  - {fileID: 491910}
  m_Father: {fileID: 491898}
  m_RootOrder: 1
--- !u!4 &491930
Transform:
  m_ObjectHideFlags: 1
  m_PrefabParentObject: {fileID: 0}
  m_PrefabInternal: {fileID: 100100000}
  m_GameObject: {fileID: 191930}
  m_LocalRotation: {x: -.318678796, y: .0599408783, z: -.164703548, w: .931516886}
  m_LocalPosition: {x: -.153258532, y: .00455523049, z: -3.74882766e-05}
  m_LocalScale: {x: 1, y: 1, z: 1}
  m_Children:
  - {fileID: 491906}
  m_Father: {fileID: 491896}
  m_RootOrder: 0
--- !u!4 &491932
Transform:
  m_ObjectHideFlags: 1
  m_PrefabParentObject: {fileID: 0}
  m_PrefabInternal: {fileID: 100100000}
  m_GameObject: {fileID: 191932}
  m_LocalRotation: {x: -.0683360472, y: -.0204976927, z: -.0919869319, w: .993201137}
  m_LocalPosition: {x: -.032688085, y: -.0122359386, z: -.00564280804}
  m_LocalScale: {x: 1, y: 1, z: 1}
  m_Children: []
  m_Father: {fileID: 491878}
  m_RootOrder: 0
--- !u!4 &491934
Transform:
  m_ObjectHideFlags: 1
  m_PrefabParentObject: {fileID: 0}
  m_PrefabInternal: {fileID: 100100000}
  m_GameObject: {fileID: 191934}
  m_LocalRotation: {x: .0679782927, y: -.345107347, z: -.0474484563, w: .934894919}
  m_LocalPosition: {x: .0761464834, y: -.0126981596, z: -.101083346}
  m_LocalScale: {x: 1, y: 1, z: 1}
  m_Children:
  - {fileID: 491902}
  m_Father: {fileID: 491888}
  m_RootOrder: 0
--- !u!4 &499802
Transform:
  m_ObjectHideFlags: 1
  m_PrefabParentObject: {fileID: 0}
  m_PrefabInternal: {fileID: 100100000}
  m_GameObject: {fileID: 152522}
  m_LocalRotation: {x: 0, y: 0, z: 0, w: 1}
  m_LocalPosition: {x: 0, y: 0, z: 0}
  m_LocalScale: {x: 1, y: 1, z: 1}
  m_Children: []
  m_Father: {fileID: 467370}
  m_RootOrder: 0
--- !u!23 &2317906
MeshRenderer:
  m_ObjectHideFlags: 1
  m_PrefabParentObject: {fileID: 0}
  m_PrefabInternal: {fileID: 100100000}
  m_GameObject: {fileID: 152522}
  m_Enabled: 1
  m_CastShadows: 1
  m_ReceiveShadows: 1
  m_Materials:
  - {fileID: 2100000, guid: ab1b0df01d6d76843b0c6c6ff5edf929, type: 2}
  m_SubsetIndices: 
  m_StaticBatchRoot: {fileID: 0}
  m_UseLightProbes: 1
  m_ReflectionProbeUsage: 1
  m_ProbeAnchor: {fileID: 0}
  m_ScaleInLightmap: 1
  m_PreserveUVs: 0
  m_ImportantGI: 0
  m_AutoUVMaxDistance: .5
  m_AutoUVMaxAngle: 89
  m_LightmapParameters: {fileID: 0}
  m_SortingLayerID: 0
  m_SortingOrder: 0
--- !u!33 &3314864
MeshFilter:
  m_ObjectHideFlags: 1
  m_PrefabParentObject: {fileID: 0}
  m_PrefabInternal: {fileID: 100100000}
  m_GameObject: {fileID: 152522}
  m_Mesh: {fileID: 4300000, guid: d2879bf617ed74a43bb323ab20265b76, type: 3}
--- !u!82 &8207436
AudioSource:
  m_ObjectHideFlags: 1
  m_PrefabParentObject: {fileID: 0}
  m_PrefabInternal: {fileID: 100100000}
  m_GameObject: {fileID: 191884}
  m_Enabled: 1
  serializedVersion: 4
  OutputAudioMixerGroup: {fileID: 0}
  m_audioClip: {fileID: 0}
  m_PlayOnAwake: 0
  m_Volume: 1
  m_Pitch: 1
  Loop: 0
  Mute: 0
  Priority: 128
  DopplerLevel: 1
  MinDistance: 1
  MaxDistance: 2.99000001
  Pan2D: 0
  rolloffMode: 0
  BypassEffects: 0
  BypassListenerEffects: 0
  BypassReverbZones: 0
  rolloffCustomCurve:
    serializedVersion: 2
    m_Curve:
    - time: 0
      value: 1
      inSlope: 0
      outSlope: 0
      tangentMode: 0
    - time: 1
      value: 0
      inSlope: 0
      outSlope: 0
      tangentMode: 0
    m_PreInfinity: 2
    m_PostInfinity: 2
  panLevelCustomCurve:
    serializedVersion: 2
    m_Curve:
    - time: 0
      value: 1
      inSlope: 0
      outSlope: 0
      tangentMode: 0
    m_PreInfinity: 2
    m_PostInfinity: 2
  spreadCustomCurve:
    serializedVersion: 2
    m_Curve:
    - time: 0
      value: 0
      inSlope: 0
      outSlope: 0
      tangentMode: 0
    m_PreInfinity: 2
    m_PostInfinity: 2
  reverbZoneMixCustomCurve:
    serializedVersion: 2
    m_Curve:
    - time: 0
      value: 1
      inSlope: 0
      outSlope: 0
      tangentMode: 0
    m_PreInfinity: 2
    m_PostInfinity: 2
--- !u!82 &8291848
AudioSource:
  m_ObjectHideFlags: 1
  m_PrefabParentObject: {fileID: 0}
  m_PrefabInternal: {fileID: 100100000}
  m_GameObject: {fileID: 191914}
  m_Enabled: 1
  serializedVersion: 4
  OutputAudioMixerGroup: {fileID: 0}
  m_audioClip: {fileID: 8300000, guid: 01f0c4acd8f19b4459b58008b9456b8e, type: 3}
  m_PlayOnAwake: 0
  m_Volume: .703999996
  m_Pitch: 1
  Loop: 0
  Mute: 0
  Priority: 128
  DopplerLevel: 1
  MinDistance: .5
  MaxDistance: 3
  Pan2D: 0
  rolloffMode: 0
  BypassEffects: 0
  BypassListenerEffects: 0
  BypassReverbZones: 0
  rolloffCustomCurve:
    serializedVersion: 2
    m_Curve:
    - time: 0
      value: 1
      inSlope: 0
      outSlope: 0
      tangentMode: 0
    - time: 1
      value: 0
      inSlope: 0
      outSlope: 0
      tangentMode: 0
    m_PreInfinity: 2
    m_PostInfinity: 2
  panLevelCustomCurve:
    serializedVersion: 2
    m_Curve:
    - time: 0
      value: 1
      inSlope: 0
      outSlope: 0
      tangentMode: 0
    m_PreInfinity: 2
    m_PostInfinity: 2
  spreadCustomCurve:
    serializedVersion: 2
    m_Curve:
    - time: 0
      value: 0
      inSlope: 0
      outSlope: 0
      tangentMode: 0
    m_PreInfinity: 2
    m_PostInfinity: 2
  reverbZoneMixCustomCurve:
    serializedVersion: 2
    m_Curve:
    - time: 0
      value: 1
      inSlope: 0
      outSlope: 0
      tangentMode: 0
    m_PreInfinity: 2
    m_PostInfinity: 2
--- !u!95 &9591848
Animator:
  serializedVersion: 3
  m_ObjectHideFlags: 1
  m_PrefabParentObject: {fileID: 0}
  m_PrefabInternal: {fileID: 100100000}
  m_GameObject: {fileID: 191884}
  m_Enabled: 1
  m_Avatar: {fileID: 9000000, guid: 36b84c144aa5a6048969e26ee34c202a, type: 3}
  m_Controller: {fileID: 9100000, guid: 4c1ac4b790d6e4449b2ff320976b3344, type: 2}
  m_CullingMode: 0
  m_UpdateMode: 0
  m_ApplyRootMotion: 0
  m_LinearVelocityBlending: 0
  m_WarningMessage: 
  m_HasTransformHierarchy: 1
  m_AllowConstantClipSamplingOptimization: 1
--- !u!108 &10851306
Light:
  m_ObjectHideFlags: 1
  m_PrefabParentObject: {fileID: 0}
  m_PrefabInternal: {fileID: 100100000}
  m_GameObject: {fileID: 156896}
  m_Enabled: 1
  serializedVersion: 6
  m_Type: 0
  m_Color: {r: 1, g: 1, b: 1, a: 1}
  m_Intensity: 2
  m_Range: 10
  m_SpotAngle: 40
  m_CookieSize: 10
  m_Shadows:
    m_Type: 2
    m_Resolution: -1
    m_Strength: 1
    m_Bias: .0500000007
    m_NormalBias: .400000006
  m_Cookie: {fileID: 0}
  m_DrawHalo: 0
  m_Flare: {fileID: 0}
  m_RenderMode: 0
  m_CullingMask:
    serializedVersion: 2
    m_Bits: 4294967295
  m_Lightmapping: 4
  m_BounceIntensity: 0
  m_ShadowRadius: 0
  m_ShadowAngle: 0
  m_AreaSize: {x: 1, y: 1}
--- !u!114 &11491848
MonoBehaviour:
  m_ObjectHideFlags: 1
  m_PrefabParentObject: {fileID: 0}
  m_PrefabInternal: {fileID: 100100000}
  m_GameObject: {fileID: 191884}
  m_Enabled: 1
  m_EditorHideFlags: 0
  m_Script: {fileID: 11500000, guid: 4c68950eebb2c034dbf32611a57ce31b, type: 3}
  m_Name: 
  m_EditorClassIdentifier: 
--- !u!114 &11491850
MonoBehaviour:
  m_ObjectHideFlags: 1
  m_PrefabParentObject: {fileID: 0}
  m_PrefabInternal: {fileID: 100100000}
  m_GameObject: {fileID: 191884}
  m_Enabled: 1
  m_EditorHideFlags: 0
  m_Script: {fileID: 11500000, guid: 336a3a9faf34a9a4ca56b8a17c873d96, type: 3}
  m_Name: 
  m_EditorClassIdentifier: 
  huhSound: {fileID: 8300000, guid: 7b2568e77f58ba04bb82b33f7c27fd4e, type: 3}
  detectedSound: {fileID: 8300000, guid: b5398e9490364c249ac55090ea0984a3, type: 3}
  sawSomethingSound: {fileID: 8300000, guid: d4fa65f1bdd24b340b7851ffb786fb16, type: 3}
  patrolNodes: []
  range: 15
--- !u!114 &11492068
MonoBehaviour:
  m_ObjectHideFlags: 1
  m_PrefabParentObject: {fileID: 0}
  m_PrefabInternal: {fileID: 100100000}
  m_GameObject: {fileID: 156896}
  m_Enabled: 1
  m_EditorHideFlags: 0
  m_Script: {fileID: 11500000, guid: c854c729e1be4ec488ff993e21aedadb, type: 3}
  m_Name: 
  m_EditorClassIdentifier: 
--- !u!136 &13691848
CapsuleCollider:
  m_ObjectHideFlags: 1
  m_PrefabParentObject: {fileID: 0}
  m_PrefabInternal: {fileID: 100100000}
  m_GameObject: {fileID: 191884}
  m_Material: {fileID: 0}
  m_IsTrigger: 1
  m_Enabled: 1
  m_Radius: .521524549
  m_Height: 1.95677161
  m_Direction: 1
  m_Center: {x: 0, y: .899999976, z: 0}
--- !u!137 &13791848
SkinnedMeshRenderer:
  m_ObjectHideFlags: 1
  m_PrefabParentObject: {fileID: 0}
  m_PrefabInternal: {fileID: 100100000}
  m_GameObject: {fileID: 191920}
  m_Enabled: 1
  m_CastShadows: 1
  m_ReceiveShadows: 1
  m_Materials:
  - {fileID: 2100000, guid: 8d43052f2c2c1de408fba301c4484708, type: 2}
  m_SubsetIndices: 
  m_StaticBatchRoot: {fileID: 0}
  m_UseLightProbes: 0
  m_ReflectionProbeUsage: 1
  m_ProbeAnchor: {fileID: 0}
  m_ScaleInLightmap: 1
  m_PreserveUVs: 0
  m_ImportantGI: 0
  m_AutoUVMaxDistance: .5
  m_AutoUVMaxAngle: 89
  m_LightmapParameters: {fileID: 0}
  m_SortingLayerID: 0
  m_SortingOrder: 0
  serializedVersion: 2
  m_Quality: 0
  m_UpdateWhenOffscreen: 0
  m_Mesh: {fileID: 4300000, guid: 36b84c144aa5a6048969e26ee34c202a, type: 3}
  m_Bones:
  - {fileID: 491872}
  - {fileID: 491908}
  - {fileID: 491896}
  - {fileID: 491930}
  - {fileID: 491906}
  - {fileID: 491862}
  - {fileID: 491874}
  - {fileID: 491904}
  - {fileID: 491916}
  - {fileID: 491854}
  - {fileID: 491870}
  - {fileID: 491850}
  - {fileID: 491886}
  - {fileID: 491900}
  - {fileID: 491856}
  - {fileID: 491918}
  - {fileID: 491926}
  - {fileID: 491848}
  - {fileID: 491864}
  - {fileID: 491888}
  - {fileID: 491934}
  - {fileID: 491902}
  - {fileID: 491898}
  - {fileID: 491912}
  - {fileID: 491868}
  - {fileID: 491852}
  - {fileID: 491882}
  - {fileID: 491928}
  - {fileID: 491910}
  - {fileID: 491924}
  - {fileID: 491858}
  - {fileID: 491878}
  - {fileID: 491932}
  - {fileID: 491892}
  - {fileID: 491922}
  - {fileID: 491860}
  - {fileID: 491866}
  - {fileID: 491876}
  - {fileID: 491894}
  - {fileID: 491880}
  - {fileID: 491890}
  m_BlendShapeWeights: []
  m_RootBone: {fileID: 491872}
  m_AABB:
    m_Center: {x: .0595452487, y: .0207242966, z: .0438899547}
    m_Extent: {x: .935501337, y: .383416653, z: .535149038}
  m_DirtyAABB: 0
--- !u!143 &14391848
CharacterController:
  m_ObjectHideFlags: 1
  m_PrefabParentObject: {fileID: 0}
  m_PrefabInternal: {fileID: 100100000}
  m_GameObject: {fileID: 191884}
  m_Material: {fileID: 0}
  m_IsTrigger: 0
  m_Enabled: 1
  serializedVersion: 2
  m_Height: 1.79999995
  m_Radius: .400000006
  m_SlopeLimit: 45
  m_StepOffset: .300000012
  m_SkinWidth: .0799999982
  m_MinMoveDistance: 0
  m_Center: {x: 0, y: .899999976, z: 0}
--- !u!195 &19591848
NavMeshAgent:
  m_ObjectHideFlags: 1
  m_PrefabParentObject: {fileID: 0}
  m_PrefabInternal: {fileID: 100100000}
  m_GameObject: {fileID: 191884}
  m_Enabled: 1
  m_Radius: .400000006
  m_Speed: 1.5
  m_Acceleration: 8
  avoidancePriority: 99
  m_AngularSpeed: 720
  m_StoppingDistance: 0
  m_AutoTraverseOffMeshLink: 1
  m_AutoBraking: 1
  m_AutoRepath: 1
  m_Height: 1.79999995
  m_BaseOffset: 0
  m_WalkableMask: 4294967295
  m_ObstacleAvoidanceType: 4
--- !u!1001 &100100000
Prefab:
  m_ObjectHideFlags: 1
  serializedVersion: 2
  m_Modification:
    m_TransformParent: {fileID: 0}
    m_Modifications: []
    m_RemovedComponents: []
  m_ParentPrefab: {fileID: 0}
  m_RootGameObject: {fileID: 191884}
  m_IsPrefabParent: 1
